<collection xmlns="http://www.loc.gov/MARC21/slim">
<record>
  <leader>02634nam0a22004691i 450 </leader>
  <controlfield tag="001">IT\ICCU\CNCE\046812</controlfield>
  <controlfield tag="005">20101123000000.0</controlfield>
  <datafield tag="012" ind1=" " ind2=" ">
    <subfield code="a">asar i-bi udut ctci (C) 1512 (R)</subfield>
    <subfield code="2">fei</subfield>
  </datafield>
  <datafield tag="100" ind1=" " ind2=" ">
    <subfield code="a">19990205d1512        0itac0103    ba</subfield>
  </datafield>
  <datafield tag="101" ind1=" " ind2=" ">
    <subfield code="a">LAT</subfield>
  </datafield>
  <datafield tag="102" ind1=" " ind2=" ">
    <subfield code="a">IT</subfield>
  </datafield>
  <datafield tag="200" ind1="1" ind2=" ">
    <subfield code="a">Hoc in volumine haec continentur Francisci Maturantij Perusini De componendis carminibus opusculum. Nicolai Perotti Sypontini De generibus metrorum. Eiusdem De generibus metrorum. Eiusdem De Horatij Flacci ac Seuerini Boetij metris. Omni boni Vicentini de arte metrica libellus. Seruij Mauri Honorati Grammatici Centimetrum</subfield>
  </datafield>
  <datafield tag="210" ind1=" " ind2=" ">
    <subfield code="e">Impressum Venetiis</subfield>
    <subfield code="h">1512 die XX Marcij</subfield>
  </datafield>
  <datafield tag="215" ind1=" " ind2=" ">
    <subfield code="a">\40! c.</subfield>
    <subfield code="d">4ʻ</subfield>
  </datafield>
  <datafield tag="620" ind1=" " ind2=" ">
    <subfield code="a">IT</subfield>
    <subfield code="d">Venezia</subfield>
  </datafield>
  <datafield tag="700" ind1=" " ind2="1">
    <subfield code="a">Maturanzio,</subfield>
    <subfield code="b">Francesco</subfield>
    <subfield code="3">IT\ICCU\CNCA\003046</subfield>
  </datafield>
  <datafield tag="702" ind1=" " ind2="1">
    <subfield code="a">Bonisoli,</subfield>
    <subfield code="b">Ognibene</subfield>
    <subfield code="3">IT\ICCU\CNCA\003051</subfield>
  </datafield>
  <datafield tag="702" ind1=" " ind2="1">
    <subfield code="a">Perotto,</subfield>
    <subfield code="b"></subfield>
    <subfield code="3">IT\ICCU\CNCA\004375</subfield>
  </datafield>
  <datafield tag="702" ind1=" " ind2="1">
    <subfield code="a">Servius,</subfield>
    <subfield code="b">Maurus Honoratus</subfield>
    <subfield code="3">IT\ICCU\CNCA\000325</subfield>
  </datafield>
  <datafield tag="712" ind1="0" ind2="2">
    <subfield code="a">s.n.</subfield>
    <subfield code="3">IT\ICCU\CNCT\000002</subfield>
    <subfield code="4">650</subfield>
  </datafield>
  <datafield tag="790" ind1=" " ind2="1">
    <subfield code="a">Matarazzo,</subfield>
    <subfield code="b">Francesco</subfield>
    <subfield code="3">IT\ICCU\CNCA\014613</subfield>
    <subfield code="z">Maturanzio, Francesco</subfield>
  </datafield>
  <datafield tag="790" ind1=" " ind2="1">
    <subfield code="a">Maturantius,</subfield>
    <subfield code="b">Franciscus</subfield>
    <subfield code="3">IT\ICCU\CNCA\020554</subfield>
    <subfield code="z">Maturanzio, Francesco</subfield>
  </datafield>
  <datafield tag="790" ind1=" " ind2="1">
    <subfield code="a">Mataracius,</subfield>
    <subfield code="b">Franciscus</subfield>
    <subfield code="3">IT\ICCU\CNCA\020953</subfield>
    <subfield code="z">Maturanzio, Francesco</subfield>
  </datafield>
  <datafield tag="790" ind1=" " ind2="0">
    <subfield code="a">Omnibonus Leonicenus</subfield>
    <subfield code="3">IT\ICCU\CNCA\011968</subfield>
    <subfield code="z">Bonisoli, Ognibene</subfield>
  </datafield>
  <datafield tag="790" ind1=" " ind2="0">
    <subfield code="a">Ognibene</subfield>
    <subfield code="c"> : da#Lonigo</subfield>
    <subfield code="3">IT\ICCU\CNCA\016499</subfield>
    <subfield code="z">Bonisoli, Ognibene</subfield>
  </datafield>
  <datafield tag="790" ind1=" " ind2="0">
    <subfield code="a">Ominibonus</subfield>
    <subfield code="c"> : Vicentinus</subfield>
    <subfield code="3">IT\ICCU\CNCA\016500</subfield>
    <subfield code="z">Bonisoli, Ognibene</subfield>
  </datafield>
  <datafield tag="790" ind1=" " ind2="1">
    <subfield code="a">Perottus,</subfield>
    <subfield code="b">Nicolaus</subfield>
    <subfield code="3">IT\ICCU\CNCA\009820</subfield>
    <subfield code="z"></subfield>
  </datafield>
  <datafield tag="790" ind1=" " ind2="1">
    <subfield code="a">Perotti,</subfield>
    <subfield code="b"></subfield>
    <subfield code="3">IT\ICCU\CNCA\017178</subfield>
    <subfield code="z"></subfield>
  </datafield>
  <datafield tag="790" ind1=" " ind2="0">
    <subfield code="a">Sypontinus</subfield>
    <subfield code="3">IT\ICCU\CNCA\017288</subfield>
    <subfield code="z"></subfield>
  </datafield>
  <datafield tag="790" ind1=" " ind2="1">
    <subfield code="a">Servius Honoratus,</subfield>
    <subfield code="b">Maurus</subfield>
    <subfield code="3">IT\ICCU\CNCA\015348</subfield>
    <subfield code="z">Servius, Maurus Honoratus</subfield>
  </datafield>
  <datafield tag="790" ind1=" " ind2="0">
    <subfield code="a">Servius</subfield>
    <subfield code="3">IT\ICCU\CNCA\020791</subfield>
    <subfield code="z">Servius, Maurus Honoratus</subfield>
  </datafield>
  <datafield tag="790" ind1=" " ind2="1">
    <subfield code="a">Servius,</subfield>
    <subfield code="b">Marius</subfield>
    <subfield code="3">IT\ICCU\CNCA\020792</subfield>
    <subfield code="z">Servius, Maurus Honoratus</subfield>
  </datafield>
  <datafield tag="801" ind1=" " ind2="3">
    <subfield code="a">IT</subfield>
    <subfield code="b">ICCU</subfield>
    <subfield code="c">20201115</subfield>
  </datafield>
  <datafield tag="899" ind1=" " ind2=" ">
    <subfield code="a">Biblioteca comunale. Cupramontana</subfield>
    <subfield code="1">AN0031</subfield>
    <subfield code="2">URB C4</subfield>
  </datafield>
  <datafield tag="899" ind1=" " ind2=" ">
    <subfield code="a">Biblioteca universitaria. Bologna</subfield>
    <subfield code="1">BO0098</subfield>
    <subfield code="2">UBO BU</subfield>
  </datafield>
  <datafield tag="899" ind1=" " ind2=" ">
    <subfield code="a">Biblioteca nazionale centrale. Firenze</subfield>
    <subfield code="1">FI0098</subfield>
    <subfield code="2">CFI CF</subfield>
  </datafield>
  <datafield tag="899" ind1=" " ind2=" ">
    <subfield code="a">Biblioteca del Seminario Vescovile della Facolt ̉Teologica del Triveneto dell&apos;Istituto Filosofico Aloisianum. Padova</subfield>
    <subfield code="1">PD0073</subfield>
    <subfield code="2">PUV 01</subfield>
  </datafield>
  <datafield tag="899" ind1=" " ind2=" ">
    <subfield code="a">Biblioteca universitaria. Padova</subfield>
    <subfield code="1">PD0158</subfield>
    <subfield code="2">PUV 00</subfield>
  </datafield>
  <datafield tag="899" ind1=" " ind2=" ">
    <subfield code="a">Biblioteca universitaria Alessandrina. Roma</subfield>
    <subfield code="1">RM0280</subfield>
    <subfield code="2">RML 01</subfield>
  </datafield>
  <datafield tag="899" ind1=" " ind2=" ">
    <subfield code="a">British Library. London</subfield>
    <subfield code="1">UK0001</subfield>
  </datafield>
  <datafield tag="899" ind1=" " ind2=" ">
    <subfield code="a">Biblioteca nazionale Marciana. Venezia</subfield>
    <subfield code="1">VE0049</subfield>
    <subfield code="2">VEA BM</subfield>
  </datafield>
  <datafield tag="899" ind1=" " ind2=" ">
    <subfield code="a">Biblioteca civica Bertoliana. Vicenza</subfield>
    <subfield code="1">VI0096</subfield>
    <subfield code="2">VIA BE</subfield>
  </datafield>
</record>
</collection>
